@SITE{eposproject,
	title={Welcome to the EPOS Project},
	author={LISHA},
	year={2016},
	note={Acesso em 20 de jun de 2016},
	url={https://epos.lisha.ufsc.br/HomePage}
}

@SITE{lishahomepage,
	title={LISHA},
	author={LISHA},
	year={2016},
	note={Acesso em 20 de jun de 2016},
	url={https://lisha.ufsc.br/HomePage}
}